@book{cormen2009introduction,
  title={Introduction to algorithms},
  author={Cormen, Thomas H},
  year={2009},
  publisher={MIT press}
}

@misc{wikiFiboHeap,
	Title = {Wikipedia Fibonacci heap},
	howpublished = "\url{https://en.wikipedia.org/wiki/Fibonacci_heap}"
}

@misc{princeton,
	Title = {Princeton University Fibonacci Heap},
	howpublished = "\url{https://www.cs.princeton.edu/~wayne/teaching/fibonacci-heap.pdf}"
}


@article{fredman1987fibonacci,
  title={Fibonacci heaps and their uses in improved network optimization algorithms},
  author={Fredman, Michael L and Tarjan, Robert Endre},
  journal={Journal of the ACM (JACM)},
  volume={34},
  number={3},
  pages={596--615},
  year={1987},
  publisher={ACM}
}

@book{abuaiadh1994fibonacci,
  title={Are Fibonacci heaps optimal?},
  author={Abuaiadh, Diab and Kingston, Jeffrey H},
  year={1994},
  publisher={Springer}
}